@article{QECintro,
   title={Quantum error correction: an introductory guide},
   volume={60},
   ISSN={1366-5812},
   url={http://dx.doi.org/10.1080/00107514.2019.1667078},
   DOI={10.1080/00107514.2019.1667078},
   number={3},
   journal={Contemporary Physics},
   publisher={Informa UK Limited},
   author={Roffe, Joschka},
   year={2019},
   month=jul, pages={226â€“245} }

@article{QECmemory,
  title = {Quantum error correction for quantum memories},
  author = {Terhal, Barbara M.},
  journal = {Rev. Mod. Phys.},
  volume = {87},
  issue = {2},
  pages = {307--346},
  numpages = {40},
  year = {2015},
  month = {4},
  publisher = {American Physical Society},
  doi = {10.1103/RevModPhys.87.307},
  url = {https://link.aps.org/doi/10.1103/RevModPhys.87.307}
}
